<?xml version="1.0" encoding="UTF-8"?><collection xmlns="http://www.loc.gov/MARC21/slim"><record><leader>00595nam--2200193-i-4500</leader><controlfield tag="001">000011404</controlfield><controlfield tag="002">20161230</controlfield><controlfield tag="005">20161230201029</controlfield><controlfield tag="008">060222s1000------------r-----000-0-eng-d</controlfield><datafield ind1=" " ind2=" " tag="040"><subfield code="a">IFIN-HH</subfield></datafield><datafield ind1=" " ind2=" " tag="080"><subfield code="a">539.1(042):539.2(042)</subfield></datafield><datafield ind1="1" ind2=" " tag="100"><subfield code="a">Devreese, J.T</subfield></datafield><datafield ind1="1" ind2="0" tag="245"><subfield code="a">Elementary excitations in solids, molecules and atmos. part a</subfield><subfield code="c">J.t. devreese, a.b. kunz, t.c. collins (eds.)</subfield></datafield><datafield ind1=" " ind2=" " tag="260"><subfield code="a">London</subfield><subfield code="b">Plenum Press</subfield><subfield code="c">1974</subfield></datafield><datafield ind1=" " ind2=" " tag="300"><subfield code="a">XII+375P</subfield></datafield><datafield ind1=" " ind2=" " tag="490"><subfield code="a">Nato Advanced Study Institutes Series, 2 Part A</subfield></datafield><datafield ind1="1" ind2=" " tag="700"><subfield code="a">Collins, T.C</subfield><subfield code="e">Ed</subfield></datafield><datafield ind1=" " ind2=" " tag="852"><subfield code="a">42270</subfield><subfield code="c">53</subfield></datafield><datafield ind1=" " ind2=" " tag="CAT"><subfield code="a">Sys</subfield><subfield code="c">20150319</subfield><subfield code="h">091649</subfield></datafield></record></collection>